%% This BibTeX bibliography file was created using BibDesk.
%% http://bibdesk.sourceforge.net/


%% Created for Eric Teubert at 2012-01-15 12:58:52 +0100 


%% Saved with string encoding Unicode (UTF-8) 



@techreport{deployment_tech,
	Author = {Antonio Carzaniga and Alfonso Fuggetta and Richard S. Hall and Dennis Heimbigner and Andre van der Hoek and Alexander L. Wolf},
	Date-Added = {2012-01-15 11:44:21 +0000},
	Date-Modified = {2012-01-15 11:58:52 +0000},
	Institution = {University of Colorado, Department of Computer Science},
	Month = {April},
	Title = {A Characterization Framework A Characterization Framework for Software Deployment Technologies},
	Year = {1998}}

@webpage{manpage_awk,
	Date-Added = {2012-01-15 11:34:07 +0000},
	Date-Modified = {2012-01-15 11:34:31 +0000},
	Month = {Januar},
	Title = {awk manpage},
	Url = {http://linux.die.net/man/1/awk},
	Year = {2012}}

@webpage{manpage_find,
	Date-Added = {2012-01-15 11:08:51 +0000},
	Date-Modified = {2012-01-15 11:32:33 +0000},
	Month = {Januar},
	Title = {find manpage},
	Url = {http://linux.die.net/man/1/find},
	Year = {2012}}

@book{praxiswissen_softwareing,
	Author = {Johannes Siedersleben},
	Date-Added = {2012-01-15 11:00:12 +0000},
	Date-Modified = {2012-01-15 11:31:41 +0000},
	Isbn = {978-3-446-21843-7},
	Publisher = {Hanser Verlag},
	Title = {Softwaretechnik: Praxiswissen f{\"u}r Softwareingenieure},
	Year = {2003}}
